@IEEEtranBSTCTL{IEEEexample:BSTcontrol,
  CTLdash_repeated_names = "no"
}

% Curriculum 
@misc{PatelMukundR2012Seps,
publisher = "CRC Press",
isbn = "9781439828168",
year = "2012",
title = "Shipboard electrical power systems",
language = "eng",
address = "Boca Raton, Fla",
author = "Patel, Mukund R",
keywords = "Skip -- Elektriske anlegg; pensum; fag; tmr4290; skip; elektriske; anlegg",
}

@misc{lect1,
year = "2018",
title = "Shipboard electrical power systems",
language = "eng",
author = "Patel, Mukund R"
}

@ARTICLE{DNV-GL_Regulations_ship, 
author = "DNV-GL", 
series = "Rules for Classification of Ships", 
title = "Rules for Classification of Ships", 
year = "2018", 
month = "January" 
}


% DNV-GL Recommended Practices
@ARTICLE{DNV-GL_RP_Dynamic_positioning, 
author = "DNV-GL", 
series = "Recommended Practices", 
title = "Dynamic positioning vessel design philosophy guidelines", 
year = "2015", 
month = "July" 
}

% DNV-GL Other


% Norwegian Petroleum Authority
@ARTICLE{Petroleum_Authority,
year = "2015",
month = "July",
title = "Regulations Relating to Conducting Petroleum Activities",
organization = "Petroleum Safety Authority Norway",
url = "http://www.ptil.no/activities/category399.html"
}
